@Article{prova,
author = {ciao},
title = {cicococo},

}

